<record><leader>00000cas a22000007a 4500</leader><controlfield tag="001">25079359</controlfield><controlfield tag="008">920110d19321938mauwr ne      0    0eng d</controlfield><datafield ind1=" " ind2=" " tag="010"><subfield code="a">sn 91058140 </subfield></datafield><datafield ind1=" " ind2=" " tag="040"><subfield code="a">MGN</subfield><subfield code="b">eng</subfield><subfield code="c">MGN</subfield><subfield code="d">OCLCQ</subfield></datafield><datafield ind1="0" ind2=" " tag="130"><subfield code="a">Cape Cod news (Sandwich, Mass.)</subfield></datafield><datafield ind1="1" ind2="0" tag="245"><subfield code="a">Cape Cod news.</subfield></datafield><datafield ind1=" " ind2=" " tag="260"><subfield code="a">Sandwich, Mass. :</subfield><subfield code="b">H.L. Chipman</subfield></datafield><datafield ind1=" " ind2=" " tag="300"><subfield code="a">v.</subfield></datafield><datafield ind1=" " ind2=" " tag="310"><subfield code="a">Weekly</subfield></datafield><datafield ind1="0" ind2=" " tag="362"><subfield code="a">Vol. 42, no. 38 (Apr. 20, 1932)-v. 49, no. 9 (Sept. 21, 1938).</subfield></datafield><datafield ind1=" " ind2=" " tag="500"><subfield code="a">Published in Buzzards Bay [Bourne], Mass., Sept. 21, 1938.</subfield></datafield><datafield ind1=" " ind2=" " tag="580"><subfield code="a">Formed by the union of: Sandwich independent, and: Barnstable press, and: Bourne independent, and: Cotuit citizen, and: Falmouth journal, and: Hyannis tribune, and: Osterville times, and: Sagamore herald.</subfield></datafield><datafield ind1=" " ind2=" " tag="752"><subfield code="a">United States</subfield><subfield code="b">Massachusetts</subfield><subfield code="c">Barnstable</subfield><subfield code="d">Bourne.</subfield></datafield><datafield ind1=" " ind2=" " tag="752"><subfield code="a">United States</subfield><subfield code="b">Massachusetts</subfield><subfield code="c">Barnstable</subfield><subfield code="d">Sandwich.</subfield></datafield><datafield ind1=" " ind2=" " tag="752"><subfield code="a">United States</subfield><subfield code="b">Massachusetts</subfield><subfield code="c">Barnstable</subfield><subfield code="d">Barnstable.</subfield></datafield><datafield ind1=" " ind2=" " tag="752"><subfield code="a">United States</subfield><subfield code="b">Massachusetts</subfield><subfield code="c">Barnstable</subfield><subfield code="d">Falmouth.</subfield></datafield><datafield ind1=" " ind2=" " tag="752"><subfield code="a">United States</subfield><subfield code="b">Massachusetts</subfield><subfield code="c">Barnstable</subfield><subfield code="d">Mashpee.</subfield></datafield><datafield ind1="1" ind2="4" tag="780"><subfield code="t">Sandwich independent</subfield><subfield code="w">(DLC)sn 89062513</subfield></datafield><datafield ind1="1" ind2="4" tag="780"><subfield code="t">Barnstable press</subfield></datafield><datafield ind1="1" ind2="4" tag="780"><subfield code="t">Bourne independent</subfield></datafield><datafield ind1="1" ind2="4" tag="780"><subfield code="t">Cotuit citizen</subfield></datafield><datafield ind1="1" ind2="4" tag="780"><subfield code="t">Falmouth journal</subfield></datafield><datafield ind1="1" ind2="4" tag="780"><subfield code="t">Hyannis tribune</subfield></datafield><datafield ind1="1" ind2="4" tag="780"><subfield code="t">Osterville times</subfield></datafield><datafield ind1="1" ind2="4" tag="780"><subfield code="t">Sagamore herald</subfield></datafield><datafield ind1="0" ind2="4" tag="785"><subfield code="t">Wareham courier (Wareham, Mass. : 1898)</subfield><subfield code="w">(DLC)sn 89063417</subfield></datafield></record>